@manual{espressif:ESP-WROOM-32,
	organization  = "Espressif Systems",
	title         = "ESP-WROOM-32 Datasheet",
	number        = "ESP-WROOM-32",
	year          =  2017,
	month         =  9,
	note          = "V2.1"
}

@manual{decawave:DWM1000,
	organization  = "Decawave Ltd",
	title         = "DWM1000 IEEE 802.15.4-2011 UWB Transceiver Module",
	number        = "DWM1000",
	year          =  2016,
	month         =  8,
	note          = "V1.6"
}

//todo: decawave:DW1000

@manual{analogdevices:ADP5062,
	organization  = "Analog Devices",
	title         = "Linear Li-Ion Battery Charger with Power Path and USB Compatibility in LFCSP",
	number        = "ADP5062",
	year          =  2017,
	month         =  2,
	note          = "rev. B"
}

@manual{analogdevices:ADP5063,
	organization  = "Analog Devices",
	//todo
}

@manual{ftdichip:FT232R,
	organization  = "Future Technology Devices International Ltd",
	title         = "FT232R USB UART IC",
	number        = "FT232R",
	year          =  2015,
	month         =  11,
	note          = "V2.13"
}

//todo: CP2102
//todo: CH340E

@manual{siliconlabs:SI7006,
	organization  = "Silicon Laboratories",
	title         = "I2C HUMIDITY AND TEMPERATURE SENSOR",
	number        = "SI7006",
	year          =  2016,
	month         =  8,
	note          = "Revision 1.2"
}

//todo: SHTC1
//todo: HDC2010YPAR
//todo: GY953
//todo: HM-TRP
//todo: STM32
//todo: UM18533
//todo: LF33
//todo: USB-MICRO
//todo: PINHEAD

//todo: MOLEX-SD1 (MOLEX-47219-2001)
//todo:? MOLEX-SD2 (https://www.mouser.com/datasheet/2/276/1046421610_MEMORY_CARD_SOCKET-909442.pdf)

//todo: invensense:MPU9250
//todo: bosch:BMI160
//todo: LTR-329ALS

//todo: NOA1212
//todo: EAALSTIC1708A0


@manual{worldsemi:WS2812,
	organization  = "Worldsemi",
	title         = "Intelligent control LED integrated light source",
	number        = "WS2812",
	year          = 2017,
	month         = 01,
}

@manual{bosch:BMF055,
	organization  = "Bosch Sensortec",
	title         = "BMF055 Custom programmable 9-axis motion sensor",
	number        = "BMF055",
	year          = 2015,
	month         = 11,
}

@manual{bosch:BMP280,
	organization  = "Bosch Sensortec",
	title         = "BMP280 Digital Pressure Sensor",
	number        = "BMP280",
	year          = 2015,
	month         = 05,
}

//todo: bosch:BMP388
//todo: bosch:BMP380

@manual{atmel:samd20,
	organization  = "Atmel",
	title         = "SMART ARM-Based Microcontrollers SAM D20E / SAM D20G / SAM D20J",
	number        = "SAMD20",
	year          = 2016,
	month         = 09,
}

@manual{TACTM,
	organization  = "Ninigi",
	title         = "Product card TACTM-35N-F",
	number        = "TACTM-35N-F",
	year          = 2018,
	month         = 01,
}

@manual{ALB32-WROVER,
	//todo
}

@misc{espressif:ESP-IDF,
	author = {Espressif Systems},
	title = {Espressif IoT Development Framework},
	year = {2018},
	publisher = {GitHub},
	journal = {GitHub repository},
	howpublished = {\url{https://github.com/espressif/esp-idf}},
	commit = {595ddfd8250426f2e76f7c47ffe9697eb13c455a}
}

@misc{espressif:ArduinoCore,
	author = {Espressif Systems},
	title = {Arduino core for ESP32 WiFi chip},
	year = {2018},
	publisher = {GitHub},
	journal = {GitHub repository},
	howpublished = {\url{https://github.com/espressif/arduino-esp32}},
	commit = {69f72eca849a44688e2da38028eb9aa707e91f08}
}

@misc{BMF055flightController,
	author = {Lukas Blocher},
	title = {BMF055-flight-controller},
	year = {2016},
	publisher = {GitHub},
	journal = {GitHub repository},
	howpublished = {\url{https://github.com/NightHawk32/BMF055-flight-controller}},
	commit = {91904efca5336514ba80b8c4739602ee9653771b}
}

@manual{SWDinterface,
	organization  = "ARM Holdings",
	title         = "ARM Debug Interface Architecture Specification",
	year          = 2013,
	month         = 08,
	note          = "Third issue, for ADIv5.0 to ADIv5.2"
}

@ONLINE{MicroPython,
	publisher = {George Robotics Limited},
	title     = {MicroPython},
	date      = {2014/2017},
	url       = {http://micropython.org/},
	urldate   = {2018-04-01},
	location  = {United Kingdom},
	langid    = {english}
}

@PHDTHESIS{SensorFusion,
	author      = {Wilfried Elmenreich},
	title       = {Sensor Fusion in Time-Triggered Systems},
	date        = {2002},
	institution = {Fakultät für Technische Naturwissenschaften und Informatik, Technischen Universität Wien},
	location    = {Wien},
	url         = {https://mobile.aau.at/~welmenre/papers/elmenreich_Dissertation_sensorFusionInTimeTriggeredSystems.pdf},
	urldate     = {2002-10-01},
	langid      = {german}
}

@INPROCEEDINGS{MadgwickAHRS,
	author={S. O. H. Madgwick and A. J. L. Harrison and R. Vaidyanathan}, 
	booktitle={2011 IEEE International Conference on Rehabilitation Robotics}, 
	title={Estimation of IMU and MARG orientation using a gradient descent algorithm}, 
	year={2011}, 
	volume={}, 
	number={}, 
	pages={1-7}, 
	keywords={accelerometers;biomechanics;biomedical equipment;biomedical measurement;estimation theory;gradient methods;gyroscopes;magnetic sensors;magnetometers;mean square error methods;patient rehabilitation;IMU;MARG orientation;accelerometers;dynamic RMS error;gradient descent algorithm;gravity sensor arrays;gyroscope measurement error;inertial measurement units;magnetic angular rate;magnetic distortion compensation;optical measurement system;orientation algorithm;orientation sensor;propriety Kalman-based algorithm;quaternion derivative;quaternion representation;rehabilitation applications;sampling rates;static RMS error;triaxis gyroscopes;triaxis magnetometers;wearable inertial human motion tracking system;Accelerometers;Equations;Gyroscopes;Heuristic algorithms;Magnetometers;Mathematical model;Quaternions;Algorithms;Biomechanics;Humans;Orientation}, 
	doi={10.1109/ICORR.2011.5975346}, 
	ISSN={1945-7898}, 
	month={June},
}

@misc{ESP32:HTTPserver,
	author = {},
	title = {},
	year = {},
	publisher = {GitHub},
	journal = {GitHub repository},
	howpublished = {\url{}},
	commit = {}
}

@misc{ESP32:FTPserver,
	author = {},
	title = {},
	year = {},
	publisher = {GitHub},
	journal = {GitHub repository},
	howpublished = {\url{}},
	commit = {}
}

@ONLINE{ArduinoSimulink,
	url = {https://uk.mathworks.com/hardware-support/arduino-simulink.html}
}

@ONLINE{ESP32posix,
	url = {https://github.com/nkolban/esp32-snippets/tree/master/posix}
}

@ONLINE{ESP32programmingGuide,
	url = {https://esp-idf.readthedocs.io/en/v2.0/index.html}
}

@ONLINE{ESP32eclipse,
	url = {https://esp-idf.readthedocs.io/en/v2.0/eclipse-setup.html}
}

@ONLINE{PlatformIO,
	url = {https://platformio.org/}
}

@ONLINE{AtomEditor,
	url = {https://atom.io/}
}

@ONLINE{AtmelStudio,
	url = {http://www.microchip.com/avr-support/atmel-studio-7}
}

@ONLINE{AtmelICE,
	url = {https://www.microchip.com/atatmel-ice}
}

@ONLINE{AtmelSAMd20API,
	url = {http://asf.atmel.com/docs/latest/samd20/html/index.html}
}

@ONLINE{ESP32API,
	url = {http://esp-idf.readthedocs.io/en/latest/api-reference/index.html}
}

@ONLINE{ESP32FreeRTOS,
	url = {http://esp-idf.readthedocs.io/en/latest/api-reference/system/freertos.html}
}

@ONLINE{MetaWear,
	url = {https://mbientlab.com/}
}

@ONLINE{APM26,
	url = {https://www.ardupilot.co.uk/}
}

@ONLINE{pixHawk,
	url = {https://pixhawk.org/}
}

@ONLINE{XIMU,
	url = {http://x-io.co.uk/x-imu/}
}

@ONLINE{,
	url = {}
}

@ONLINE{,
	url = {}
}
